<record><leader>01379cam a2200385 a 4500</leader><controlfield tag="001">6811287</controlfield><controlfield tag="003">OCoLC</controlfield><controlfield tag="005">20150217173109.0</controlfield><controlfield tag="008">140721s2015    enka     b    001 0 eng d</controlfield><datafield ind1=" " ind2=" " tag="015"><subfield code="a">GBB4C2822</subfield><subfield code="2">bnb</subfield></datafield><datafield ind1=" " ind2=" " tag="015"><subfield code="a">GBB4D1612</subfield><subfield code="2">bnb</subfield></datafield><datafield ind1="7" ind2=" " tag="016"><subfield code="a">016931693</subfield><subfield code="2">Uk</subfield></datafield><datafield ind1="7" ind2=" " tag="016"><subfield code="a">016948039</subfield><subfield code="2">Uk</subfield></datafield><datafield ind1=" " ind2=" " tag="020"><subfield code="a">1107078407</subfield></datafield><datafield ind1=" " ind2=" " tag="020"><subfield code="a">9781107078406</subfield></datafield><datafield ind1=" " ind2=" " tag="035"><subfield code="a">ocn884305060</subfield></datafield><datafield ind1=" " ind2=" " tag="040"><subfield code="a">YDXCP</subfield><subfield code="b">eng</subfield><subfield code="c">YDXCP</subfield><subfield code="d">BTCTA</subfield><subfield code="d">OCLCQ</subfield><subfield code="d">UKMGB</subfield><subfield code="d">CDX</subfield><subfield code="d">AEU</subfield></datafield><datafield ind1=" " ind2=" " tag="043"><subfield code="a">a-kr---</subfield><subfield code="a">a-ph---</subfield><subfield code="a">a-ch---</subfield></datafield><datafield ind1=" " ind2="4" tag="050"><subfield code="a">JQ29.5</subfield><subfield code="b">.Y68 2015</subfield></datafield><datafield ind1="0" ind2="4" tag="082"><subfield code="a">364.1/323</subfield><subfield code="2">23</subfield></datafield><datafield ind1=" " ind2=" " tag="090"><subfield code="a">JQ29.5 .Y68 2015</subfield><subfield code="b">AEGMCT</subfield></datafield><datafield ind1="1" ind2=" " tag="100"><subfield code="a">You, Jong-sung.</subfield></datafield><datafield ind1="1" ind2="0" tag="245"><subfield code="a">Democracy, inequality and corruption :</subfield><subfield code="b">Korea, Taiwan and the Philippines compared /</subfield><subfield code="c">Jong-sung You.</subfield></datafield><datafield ind1=" " ind2=" " tag="260"><subfield code="a">Cambridge, U.K. :</subfield><subfield code="b">Cambridge University Press,</subfield><subfield code="c">2015.</subfield></datafield><datafield ind1=" " ind2=" " tag="300"><subfield code="a">xiii, 293 p. :</subfield><subfield code="b">ill. ;</subfield><subfield code="c">24 cm.</subfield></datafield><datafield ind1=" " ind2=" " tag="336"><subfield code="a">text</subfield><subfield code="b">txt</subfield><subfield code="2">rdacontent</subfield></datafield><datafield ind1=" " ind2=" " tag="337"><subfield code="a">unmediated</subfield><subfield code="b">n</subfield><subfield code="2">rdamedia</subfield></datafield><datafield ind1=" " ind2=" " tag="338"><subfield code="a">volume</subfield><subfield code="b">nc</subfield><subfield code="2">rdacarrier</subfield></datafield><datafield ind1=" " ind2=" " tag="504"><subfield code="a">Includes bibliographical references (p. 259-283) and index.</subfield></datafield><datafield ind1=" " ind2=" " tag="596"><subfield code="a">29</subfield></datafield><datafield ind1=" " ind2="0" tag="650"><subfield code="a">Political corruption</subfield><subfield code="z">Korea.</subfield></datafield><datafield ind1=" " ind2="0" tag="650"><subfield code="a">Political corruption</subfield><subfield code="z">Philippines.</subfield></datafield><datafield ind1=" " ind2="0" tag="650"><subfield code="a">Political corruption</subfield><subfield code="z">Taiwan.</subfield></datafield><datafield ind1=" " ind2=" " tag="949"><subfield code="a">JQ29.5 .Y68 2015</subfield><subfield code="h">GMCT-OS-B</subfield><subfield code="i">1007400979</subfield><subfield code="p">119.67</subfield><subfield code="k">AVAIL_SOON</subfield></datafield><datafield ind1=" " ind2=" " tag="926"><subfield code="a">JQ29.5 .Y68 2015</subfield><subfield code="w">LC</subfield><subfield code="c">1</subfield><subfield code="i">1007400979</subfield><subfield code="d">3/18/2015</subfield><subfield code="l">ON_SHELF</subfield><subfield code="m">GR_MACEWAN</subfield><subfield code="p">$113.97</subfield><subfield code="r">Y</subfield><subfield code="s">Y</subfield><subfield code="t">BOOK</subfield><subfield code="u">2/24/2015</subfield></datafield></record>